<?xml version="1.0" encoding="UTF-8"?><collection xmlns="http://www.loc.gov/MARC21/slim"><record><leader>00352nam--2200133-i-4500</leader><controlfield tag="001">000039486</controlfield><controlfield tag="002">20161230</controlfield><controlfield tag="005">20161230201042</controlfield><controlfield tag="008">060222s1000------------r-----000-0-eng-d</controlfield><datafield ind1=" " ind2=" " tag="080"><subfield code="a">539.2</subfield></datafield><datafield ind1=" " ind2=" " tag="100"><subfield code="a">Rogalski,Mircea S. And Palmer,Stuart,B</subfield></datafield><datafield ind1=" " ind2=" " tag="245"><subfield code="a">Solod state physics</subfield></datafield><datafield ind1=" " ind2=" " tag="260"><subfield code="a">London, Gordon And Breach Science Publ.,1996. 467 P</subfield></datafield><datafield ind1=" " ind2=" " tag="852"><subfield code="a">81138</subfield></datafield></record></collection>